% the cliques for corroboration/omission analysis
@inproceedings{bountouridis2018explaining,
  title={Explaining credibility in news articles using cross-referencing},
  author={Bountouridis, Dimitrios and Marrero, M{\'o}nica and Tintarev, Nava and Hauff, Claudia},
  booktitle={SIGIR workshop on ExplainAble Recommendation and Search (EARS)},
  year={2018}
}

% analyse the interrelationship between points of view, dataset derived from AllSides
@inproceedings{ko2023claimdiff,
  title={ClaimDiff: Comparing and Contrasting Claims on Contentious Issues},
  author={Ko, Miyoung and Seong, Ingyu and Lee, Hwaran and Park, Joonsuk and Chang, Minsuk and Seo, Minjoon},
  booktitle={Findings of the Association for Computational Linguistics: ACL 2023},
  pages={4711--4731},
  year={2023}
}

% from text2story 2019
@inproceedings{zahid2019towards,
  title={Towards the Automatic Analysis of the Structure of News Stories.},
  author={Zahid, Iqra and Zhang, Hao and Boons, Frank and Batista-Navarro, Riza},
  booktitle={Text2Story@ ECIR},
  pages={71--79},
  year={2019}
}

% the schema used by zahid2019towards
@book{bell1991language,
  title={The language of news media},
  author={Bell, Allan},
  year={1991},
  pages={147-174},
  publisher={Blackwell Oxford}
}

% visualisation
@inproceedings{ansah2019graph,
  title={A Graph is Worth a Thousand Words: Telling Event Stories using Timeline Summarization Graphs},
  author={Ansah, Jeffery and Liu, Lin and Kang, Wei and Kwashie, Selasie and Li, Jixue and Li, Jiuyong},
  booktitle={The World Wide Web Conference},
  pages={2565--2571},
  year={2019},
  organization={ACM}
}

% temporal event maps, with importance score
@article{cai2019temporal,
  title={Temporal event searches based on event maps and relationships},
  author={Cai, Yi and Xie, Haoran and Lau, Raymond YK and Li, Qing and Wong, Tak-Lam and Wang, Fu Lee},
  journal={Applied Soft Computing},
  volume={85},
  pages={105750},
  year={2019},
  publisher={Elsevier}
}

% hierarchical TDT
@inproceedings{allan2003flexible,
  title={Flexible intrinsic evaluation of hierarchical clustering for TDT},
  author={Allan, James and Feng, Ao and Bolivar, Alvaro},
  booktitle={Proceedings of the twelfth international conference on Information and knowledge management},
  pages={263--270},
  year={2003},
  organization={ACM}
}

% 2004: the need of event dependencies in TDT
@inproceedings{nallapati2004event,
  title={Event threading within news topics},
  author={Nallapati, Ramesh and Feng, Ao and Peng, Fuchun and Allan, James},
  booktitle={Proceedings of the thirteenth ACM international conference on Information and knowledge management},
  pages={446--453},
  year={2004},
  organization={ACM}
}

% Event Evolution Graph
@article{yang2009discovering,
  title={Discovering event evolution graphs from news corpora},
  author={Yang, Christopher C and Shi, Xiaodong and Wei, Chih-Ping},
  journal={IEEE Transactions on Systems, Man, and Cybernetics-Part A: Systems and Humans},
  volume={39},
  number={4},
  pages={850--863},
  year={2009},
  publisher={IEEE}
}

% frame analysis
@book{goffman1974frame,
  title={Frame analysis: An essay on the organization of experience.},
  author={Goffman, Erving},
  year={1974},
  publisher={Harvard University Press}
}
% cox paraphrases Goffman definition of framing
@book{cox2013environmental,
  title={Environmental communication and the public sphere},
  author={Cox, Robert},
  year={2013},
  publisher={Sage}
}
% semantic frames in understanding
@article{fillmore2006frame,
  title={Frame semantics},
  author={Fillmore, Charles J},
  journal={Cognitive linguistics: Basic readings},
  volume={34},
  pages={373--400},
  year={2006},
  publisher={Mouton de Gruyter New York}
}
% FrameNet
@inproceedings{baker1998berkeley,
  title={The berkeley framenet project},
  author={Baker, Collin F and Fillmore, Charles J and Lowe, John B},
  booktitle={Proceedings of the 17th international conference on Computational linguistics-Volume 1},
  pages={86--90},
  year={1998},
  organization={Association for Computational Linguistics}
}


% news media frames definition
@article{boydstun2014tracking,
  title={Tracking the development of media frames within and across policy issues},
  author={Boydstun, Amber E and Card, Dallas and Gross, Justin and Resnick, Paul and A Smith, Noah},
  year={2014}
}

% entman definition of framing
@article{entman1993framing,
  title={Framing: Toward clarification of a fractured paradigm},
  author={Entman, Robert M},
  journal={Journal of communication},
  volume={43},
  number={4},
  pages={51--58},
  year={1993},
  publisher={Wiley Online Library}
}

% media framing theory
@article{scheufele1999framing,
  title={Framing as a theory of media effects},
  author={Scheufele, Dietram A},
  journal={Journal of communication},
  volume={49},
  number={1},
  pages={103--122},
  year={1999},
  publisher={Wiley Online Library}
}
@article{pan1993framing,
  title={Framing analysis: An approach to news discourse},
  author={Pan, Zhongdang and Kosicki, Gerald M},
  journal={Political communication},
  volume={10},
  number={1},
  pages={55--75},
  year={1993},
  publisher={Taylor \& Francis}
}
% framing packages: framing devices and reasoning devices (macro-level)
@article{gamson1989media,
  title={Media discourse and public opinion on nuclear power: A constructionist approach},
  author={Gamson, William A and Modigliani, Andre},
  journal={American journal of sociology},
  volume={95},
  number={1},
  pages={1--37},
  year={1989},
  publisher={University of Chicago Press}
}

% language of framing, with dataset https://ecommons.cornell.edu/handle/1813/39216
@inproceedings{baumer2015testing,
  title={Testing and comparing computational approaches for identifying the language of framing in political news},
  author={Baumer, Eric and Elovic, Elisha and Qin, Ying and Polletta, Francesca and Gay, Geri},
  booktitle={Proceedings of the 2015 Conference of the North American Chapter of the Association for Computational Linguistics: Human Language Technologies},
  pages={1472--1482},
  year={2015}
}


% ----------------------------
% FRAMING TECHNIQUES

% themes
@inproceedings{tsur2015frame,
  title={A frame of mind: Using statistical models for detection of framing and agenda setting campaigns},
  author={Tsur, Oren and Calacci, Dan and Lazer, David},
  booktitle={Proceedings of the 53rd Annual Meeting of the Association for Computational Linguistics and the 7th International Joint Conference on Natural Language Processing (Volume 1: Long Papers)},
  pages={1629--1638},
  year={2015}
}
% hierarchical s for agenda setting
@book{boydstun2013making,
  title={Making the news: Politics, the media, and agenda setting},
  author={Boydstun, Amber E},
  year={2013},
  publisher={University of Chicago Press}
}

% headline
@inproceedings{liu2019detecting,
  title={Detecting Frames in News Headlines and Its Application to Analyzing News Framing Trends Surrounding US Gun Violence},
  author={Liu, Siyi and Guo, Lei and Mays, Kate and Betke, Margrit and Wijaya, Derry Tanti},
  booktitle={Proceedings of the 23rd Conference on Computational Natural Language Learning (CoNLL)},
  pages={504--514},
  year={2019}
}

% selective quoting
@inproceedings{niculae2015quotus,
  title={Quotus: The structure of political media coverage as revealed by quoting patterns},
  author={Niculae, Vlad and Suen, Caroline and Zhang, Justine and Danescu-Niculescu-Mizil, Cristian and Leskovec, Jure},
  booktitle={Proceedings of the 24th International Conference on World Wide Web},
  pages={798--808},
  year={2015}
}
% implicit sentiment / choice of terms
@inproceedings{greene2009more,
  title={More than words: Syntactic packaging and implicit sentiment},
  author={Greene, Stephan and Resnik, Philip},
  booktitle={Proceedings of human language technologies: The 2009 annual conference of the north american chapter of the association for computational linguistics},
  pages={503--511},
  year={2009}
}

% propaganda https://propaganda.qcri.org/
@inproceedings{da2019fine,
 address = {Hong Kong, China},
 author = {Da San Martino, Giovanni  and
Yu, Seunghak  and
Barr{\'o}n-Cede{\~n}o, Alberto  and
Petrov, Rostislav  and
Nakov, Preslav},
 booktitle = {Proc. 2019 Conf. Empirical Methods in Natural Language Processing and 9th Int. Joint Conf. Natural Language Processing (EMNLP-IJCNLP)},
 title = {Fine-Grained Analysis of Propaganda in News Article},
 year = {2019}
}
 %doi = {10.18653/v1/D19-1565},
 %pages = {5636--5646},
 %publisher = {Association for Computational Linguistics},
 % url = {https://www.aclweb.org/anthology/D19-1565},

 

% lexicon based detection of frames
@article{field2018framing,
  title={Framing and agenda-setting in russian news: a computational analysis of intricate political strategies},
  author={Field, Anjalie and Kliger, Doron and Wintner, Shuly and Pan, Jennifer and Jurafsky, Dan and Tsvetkov, Yulia},
  journal={arXiv preprint arXiv:1808.09386},
  year={2018}
}




% fact-checking by comparing articles
% comparison for fact-cehcking automated
@article{karadzhov2017fully,
  title={Fully automated fact checking using external sources},
  author={Karadzhov, Georgi and Nakov, Preslav and M{\`a}rquez, Llu{\'\i}s and Barr{\'o}n-Cede{\~n}o, Alberto and Koychev, Ivan},
  journal={arXiv preprint arXiv:1710.00341},
  year={2017}
}

% perspectrum and dataset for stance ad evidence
@article{chen2019seeing,
  title={Seeing things from a different angle: Discovering diverse perspectives about claims},
  author={Chen, Sihao and Khashabi, Daniel and Yin, Wenpeng and Callison-Burch, Chris and Roth, Dan},
  journal={arXiv preprint arXiv:1906.03538},
  year={2019}
}

% reading literacy: use multiple sources
@article{anmarkrud2014multiple,
  title={Multiple-documents literacy: Strategic processing, source awareness, and argumentation when reading multiple conflicting documents},
  author={Anmarkrud, {\O}istein and Br{\aa}ten, Ivar and Str{\o}ms{\o}, Helge I},
  journal={Learning and Individual Differences},
  volume={30},
  pages={64--76},
  year={2014},
  publisher={Elsevier}
}
@article{guthrie1997literacy,
  title={Literacy issues in focus: Engagement in reading for young adolescents},
  author={Guthrie, John T and Alao, Solomon and Rinehart, Jennifer M},
  journal={Journal of Adolescent \& Adult Literacy},
  volume={40},
  number={6},
  pages={438--446},
  year={1997},
  publisher={JSTOR}
}

% LDA
@article{blei2003latent,
  title={Latent dirichlet allocation},
  author={Blei, David M and Ng, Andrew Y and Jordan, Michael I},
  journal={Journal of machine Learning research},
  volume={3},
  number={Jan},
  pages={993--1022},
  year={2003}
}

% think fast think slow
@book{kahneman2011thinking,
  title={Thinking, fast and slow},
  author={Kahneman, Daniel},
  year={2011},
  publisher={Macmillan}
}
% surface reading
@article{best2009surface,
  title={Surface reading: An introduction},
  author={Best, Stephen and Marcus, Sharon},
  journal={Representations},
  volume={108},
  number={1},
  pages={1--21},
  year={2009},
  publisher={University of California Press Journals}
}
% narrative analysis
@book{riessman1993narrative,
  title={Narrative analysis},
  author={Riessman, Catherine Kohler},
  volume={30},
  year={1993},
  publisher={Sage}
}
% causality role in narrative
@article{dahlstrom2010role,
  title={The role of causality in information acceptance in narratives: An example from science communication},
  author={Dahlstrom, Michael F},
  journal={Communication Research},
  volume={37},
  number={6},
  pages={857--875},
  year={2010},
  publisher={Sage Publications Sage CA: Los Angeles, CA}
}

% non-linearity of news stories (see example page 399)
@article{bell2005news,
  title={News stories as narratives},
  author={Bell, Allan},
  journal={The language of time: a reader},
  pages={397},
  year={2005},
  publisher={Oxford University Press on Demand}
}
% page 179 https://books.google.it/books?hl=en&lr=&id=4Zs9AAAAQBAJ&oi=fnd&pg=PA177&dq=news+event+structure&ots=-ysPmODMk9&sig=AwPDMWccv0XldPWrGS-APrJg3sQ&redir_esc=y#v=onepage&q=news%20event%20structure&f=false
@article{ungerer2000changing,
  title={News Stories and News Events: A Changing Relationship},
  author={Ungerer, Friedrich},
  journal={English Media Texts, Past and Present: Language and Textual Structure},
  volume={80},
  pages={177},
  year={2000},
  publisher={John Benjamins Publishing}
}
% diversified news vs echo chambers
@article{flaxman2016filter,
  title={Filter bubbles, echo chambers, and online news consumption},
  author={Flaxman, Seth and Goel, Sharad and Rao, Justin M},
  journal={Public opinion quarterly},
  volume={80},
  number={S1},
  pages={298--320},
  year={2016},
  publisher={Oxford University Press}
}

% term choices
@article{schuldt2011global,
  title={“Global warming” or “climate change”? Whether the planet is warming depends on question wording},
  author={Schuldt, Jonathon P and Konrath, Sara H and Schwarz, Norbert},
  journal={Public opinion quarterly},
  volume={75},
  number={1},
  pages={115--124},
  year={2011},
  publisher={Oxford University Press}
}
@article{rugg1941experiments,
  title={Experiments in wording questions: II.},
  author={Rugg, Donald},
  journal={Public opinion quarterly},
  year={1941},
  publisher={Oxford University Press}
}
@article{tversky1981framing,
  title={The framing of decisions and the psychology of choice},
  author={Tversky, Amos and Kahneman, Daniel},
  journal={science},
  volume={211},
  number={4481},
  pages={453--458},
  year={1981},
  publisher={American Association for the Advancement of Science}
}

% report about subjectivity / opinion of news
@book{blake2019news,
  title={News in a Digital Age: Comparing the Presentation of News Information over Time and Across Media Platforms},
  author={Jennifer, Kavanagh and William, Marcellino and Jonathan, Blake and Shawn, Smith and Steven, Davenport and Mahlet Gizaw, Tebeka},
  year={2019},
  publisher={Rand Corporation}
}
% sentiment and subjectivity
@incollection{liu2010sentiment,
  title={Sentiment analysis and subjectivity.},
  booktitle = {Handbook of Natural Language Processing, Second Edition},
  author={Liu, Bing},
  pages = {627--666},
  year = {2010},
  isbn = {9781420085938},
  publisher = {CRC Press Book}
}
% sentiment analysis used for bias detection
@inproceedings{park2011politics,
  title={The politics of comments: predicting political orientation of news stories with commenters' sentiment patterns},
  author={Park, Souneil and Ko, Minsam and Kim, Jungwoo and Liu, Ying and Song, Junehwa},
  booktitle={Proceedings of the ACM 2011 conference on Computer supported cooperative work},
  pages={113--122},
  year={2011}
}

% catchphrases in legal context: https://sites.google.com/view/fire2017irled/track-description
@inproceedings{mandal2017overview,
  title={Overview of the FIRE 2017 IRLeD Track: Information Retrieval from Legal Documents.},
  author={Mandal, Arpan and Ghosh, Kripabandhu and Bhattacharya, Arnab and Pal, Arindam and Ghosh, Saptarshi},
  booktitle={FIRE (Working Notes)},
  pages={63--68},
  year={2017}
}
% metaphors
@article{gao2018neural,
  title={Neural metaphor detection in context},
  author={Gao, Ge and Choi, Eunsol and Choi, Yejin and Zettlemoyer, Luke},
  journal={arXiv preprint arXiv:1808.09653},
  year={2018}
}
% cauasality
@article{asghar2016automatic,
  title={Automatic extraction of causal relations from natural language texts: a comprehensive survey},
  author={Asghar, Nabiha},
  journal={arXiv preprint arXiv:1605.07895},
  year={2016}
}

% cross comparison of narratives
@article{reiter2014nlp,
  title={An NLP-based cross-document approach to narrative structure discovery},
  author={Reiter, Nils and Frank, Anette and Hellwig, Oliver},
  journal={Literary and Linguistic Computing},
  volume={29},
  number={4},
  pages={583--605},
  year={2014},
  publisher={Oxford University Press}
}

% knowledge extraction from text
@inproceedings{gangemi2013comparison,
  title={A comparison of knowledge extraction tools for the semantic web},
  author={Gangemi, Aldo},
  booktitle={Extended semantic web conference},
  pages={351--366},
  year={2013},
  organization={Springer}
}

% meedan_talk_similarity http://ceur-ws.org/Vol-2607/short4.pdf
@article{almeida2020text,
  title={Text Similarity Using Word Embeddings to Classify Misinformation},
  author={Almeida, Caio and Santos, D{\'e}bora},
  journal={arXiv preprint arXiv:2003.06634},
  year={2020}
}

% IDF
@article{jones1972statistical,
  title={A statistical interpretation of term specificity and its application in retrieval},
  author={Jones, Karen Sparck},
  journal={Journal of documentation},
  year={1972},
  publisher={MCB UP Ltd}
}
% TF-IDF
@inproceedings{ramos2003using,
  title={Using tf-idf to determine word relevance in document queries},
  author={Ramos, Juan and others},
  booktitle={Proceedings of the first instructional conference on machine learning},
  volume={242},
  pages={133--142},
  year={2003},
  organization={New Jersey, USA}
}

% distributional semantics: word meaning based on company it keeps
@article{firth1957synopsis,
  title={A synopsis of linguistic theory, 1930-1955},
  author={Firth, John R},
  journal={Studies in linguistic analysis},
  year={1957},
  publisher={Basil Blackwell}
}

% word2vec and analogy task
@article{mikolov2013efficient,
  title={Efficient estimation of word representations in vector space},
  author={Mikolov, Tomas and Chen, Kai and Corrado, Greg and Dean, Jeffrey},
  journal={arXiv preprint arXiv:1301.3781},
  year={2013}
}
% glove
@inproceedings{pennington2014glove,
  title={Glove: Global vectors for word representation},
  author={Pennington, Jeffrey and Socher, Richard and Manning, Christopher D},
  booktitle={Proceedings of the 2014 conference on empirical methods in natural language processing (EMNLP)},
  pages={1532--1543},
  year={2014}
}
% BERT
@article{devlin2018bert,
  title={Bert: Pre-training of deep bidirectional transformers for language understanding},
  author={Devlin, Jacob and Chang, Ming-Wei and Lee, Kenton and Toutanova, Kristina},
  journal={arXiv preprint arXiv:1810.04805},
  year={2018}
}

% USE
@article{cer2018universal,
  title={Universal Sentence Encoder},
  author={Daniel Cer and Yinfei Yang and Sheng-yi Kong and Nan Hua and Nicole Limtiaco and Rhomni St. John and Noah Constant and Mario Guajardo-Cespedes and Steve Yuan and Chris Tar and Yun-Hsuan Sung and Brian Strope and Ray Kurzweil},
  journal={arXiv preprint arXiv:1803.11175},
  year={2018}
}

% sentence-bert
@article{reimers2019sentence,
  title={Sentence-bert: Sentence embeddings using siamese bert-networks},
  author={Reimers, Nils and Gurevych, Iryna},
  journal={arXiv preprint arXiv:1908.10084},
  year={2019}
}

% XLNET
@inproceedings{yang2019xlnet,
  title={Xlnet: Generalized autoregressive pretraining for language understanding},
  author={Yang, Zhilin and Dai, Zihang and Yang, Yiming and Carbonell, Jaime and Salakhutdinov, Russ R and Le, Quoc V},
  booktitle={Advances in neural information processing systems},
  pages={5754--5764},
  year={2019}
}
% open-sesame
@article{swayamdipta:17,
  title={{Frame-Semantic Parsing with Softmax-Margin Segmental RNNs and a Syntactic Scaffold}},
  author={Swabha Swayamdipta and Sam Thomson and Chris Dyer and Noah A. Smith},
  journal={arXiv preprint arXiv:1706.09528},
  year={2017}
}
% Rhetorical structure theory
@article{mann1988rhetorical,
  title={Rhetorical structure theory: Toward a functional theory of text organization},
  author={Mann, William C and Thompson, Sandra A},
  journal={Text-interdisciplinary Journal for the Study of Discourse},
  volume={8},
  number={3},
  pages={243--281},
  year={1988},
  publisher={Walter de Gruyter, Berlin/New York}
}
@book{marcu2000theory,
  title={The theory and practice of discourse parsing and summarization},
  author={Marcu, Daniel},
  year={2000},
  publisher={MIT press}
}

% frame building
@article{hanggli2012key,
  title={Key Factors in Frame Building—Model Specification},
  author={H{\"a}nggli, Regula},
  journal={American Behavioral Scientist},
  pages={300--317},
  year={2012}
}

% frame setting
@book{iyengar1994anyone,
  title={Is anyone responsible? How television frames political issues},
  author={Iyengar, Shanto},
  year={1994},
  publisher={University of Chicago Press}
}
% agenda setting
@book{Cohen_1964,
	doi = {10.1515/9781400878611},
	url = {https://doi.org/10.1515\%2F9781400878611},
	year = 1964,
	month = {dec},
	publisher = {Princeton University Press},
	author = {Bernard Cecil Cohen},
	title = {Press and Foreign Policy}
}

@article{mccombs1972agenda,
  title={The agenda-setting function of mass media},
  author={McCombs, Maxwell E and Shaw, Donald L},
  journal={Public opinion quarterly},
  volume={36},
  number={2},
  pages={176--187},
  year={1972},
  publisher={Oxford University Press}
}
@book{bryant2012fundamentals,
  title={Fundamentals of media effects},
  author={Bryant, Jennings and Thompson, Susan and Finklea, Bruce W},
  year={2012},
  publisher={Waveland Press}
}

% agenda setting
@book{cohen2015press,
  title={Press and foreign policy},
  author={Cohen, Bernard Cecil},
  year={2015},
  publisher={princeton university press}
}

% link between news media and political ideology
@article{schudson2002news,
  title={The news media as political institutions},
  author={Schudson, Michael},
  journal={Annual review of political science},
  volume={5},
  number={1},
  pages={249--269},
  year={2002},
  publisher={Annual Reviews 4139 El Camino Way, PO Box 10139, Palo Alto, CA 94303-0139, USA}
}

% layers of information
@article{jang2023proximate,
  title={Proximate or primary source? How multiple layers of news sources on social media predict news influence},
  author={Jang, Jeong-woo},
  journal={Social Science Computer Review},
  volume={41},
  number={1},
  pages={201--216},
  year={2023},
  publisher={SAGE Publications Sage CA: Los Angeles, CA}
}
@article{vanderwicken1995news,
  title={Why the news is not the truth.},
  author={Vanderwicken, Peter},
  journal={Harvard Business Review},
  volume={73},
  number={3},
  pages={144--150},
  year={1995},
  publisher={Harvard Business School Publication Corp.}
}
@phdthesis{jenkins2013thin,
  title={The thin line between propaganda and persuasion},
  author={Jenkins, Ryan},
  year={2013},
  school={Southern Illinois University Carbondale}
}

% left vs right comparative propaganda
@book{blumberg1986comparative,
  title={A Comparative Analysis of Violent Left-and Right-wing Extremist Groups in the United States},
  author={Blumberg, Mark and Central Missouri State University and School of Public Services and Dept of Criminal Justice},
  year={1986},
  publisher={Center for Criminal Justice Research, Criminal Justice Administration~…}
}
% propaganda specific cases studied
@inproceedings{pierri2023propaganda,
  title={Propaganda and Misinformation on Facebook and Twitter during the Russian Invasion of Ukraine},
  author={Pierri, Francesco and Luceri, Luca and Jindal, Nikhil and Ferrara, Emilio},
  booktitle={Proceedings of the 15th ACM Web Science Conference 2023},
  pages={65--74},
  year={2023}
}
@article{golovchenko2020cross,
  title={Cross-platform state propaganda: Russian trolls on twitter and YouTube during the 2016 US Presidential Election},
  author={Golovchenko, Yevgeniy and Buntain, Cody and Eady, Gregory and Brown, Megan A and Tucker, Joshua A},
  journal={The International Journal of Press/Politics},
  volume={25},
  number={3},
  pages={357--389},
  year={2020},
  publisher={SAGE Publications Sage CA: Los Angeles, CA}
}


% propaganda techniques
@article{torok2015symbiotic,
  title={Symbiotic radicalisation strategies: Propaganda tools and neuro linguistic programming},
  author={Torok, Robyn},
  year={2015},
  publisher={SRI Security Research Institute, Edith Cowan University, Perth, Western~…}
}
@book{weston2018rulebook,
  title={A rulebook for arguments},
  author={Weston, Anthony},
  year={2018},
  publisher={Hackett Publishing}
}


% subtle framing bias
@article{morstatter2018identifying,
  title={Identifying framing bias in online news},
  author={Morstatter, Fred and Wu, Liang and Yavanoglu, Uraz and Corman, Stephen R and Liu, Huan},
  journal={ACM Transactions on Social Computing},
  volume={1},
  number={2},
  pages={1--18},
  year={2018},
  publisher={ACM New York, NY, USA}
}

% lazy for fake news
@article{pennycook2019lazy,
  title={Lazy, not biased: Susceptibility to partisan fake news is better explained by lack of reasoning than by motivated reasoning},
  author={Pennycook, Gordon and Rand, David G},
  journal={Cognition},
  volume={188},
  pages={39--50},
  year={2019},
  publisher={Elsevier}
}

@article{scheufele2007framing,
  title={Framing, agenda setting, and priming: The evolution of three media effects models},
  author={Scheufele, Dietram A and Tewksbury, David},
  journal={Journal of communication},
  volume={57},
  number={1},
  pages={9--20},
  year={2007},
  publisher={Oxford University Press}
}

% truthfinder
@article{yin2008truth,
  title={Truth discovery with multiple conflicting information providers on the web},
  author={Yin, Xiaoxin and Han, Jiawei and Philip, S Yu},
  journal={IEEE Transactions on Knowledge and Data Engineering},
  volume={20},
  number={6},
  pages={796--808},
  year={2008},
  publisher={IEEE}
}

% plagiarism
@inproceedings{potthast2010evaluation,
  title={An evaluation framework for plagiarism detection},
  author={Potthast, Martin and Stein, Benno and Barr{\'o}n-Cede{\~n}o, Alberto and Rosso, Paolo},
  booktitle={Coling 2010: Posters},
  pages={997--1005},
  year={2010}
}

% clustering
@article{carpineto2009survey,
  title={A survey of web clustering engines},
  author={Carpineto, Claudio and Osi{\'n}ski, Stanislaw and Romano, Giovanni and Weiss, Dawid},
  journal={ACM Computing Surveys (CSUR)},
  volume={41},
  number={3},
  pages={1--38},
  year={2009},
  publisher={ACM New York, NY, USA}
}
@techreport{andrews2007recent,
  title={Recent developments in document clustering},
  author={Andrews, Nicholas O and Fox, Edward A},
  year={2007},
  institution={Department of Computer Science, Virginia Polytechnic Institute \& State~…}
}

% clustering comparing metrics
% comparing adjusted mutual information and adjusted rand index
@article{romano2016adjusting,
  title={Adjusting for chance clustering comparison measures},
  author={Romano, Simone and Vinh, Nguyen Xuan and Bailey, James and Verspoor, Karin},
  journal={The Journal of Machine Learning Research},
  volume={17},
  number={1},
  pages={4635--4666},
  year={2016},
  publisher={JMLR. org}
}
% rand index
@article{rand1971objective,
  title={Objective criteria for the evaluation of clustering methods},
  author={Rand, William M},
  journal={Journal of the American Statistical association},
  volume={66},
  number={336},
  pages={846--850},
  year={1971},
  publisher={Taylor \& Francis}
}
% adjusted mutual information
@inproceedings{vinh2009information,
  title={Information theoretic measures for clusterings comparison: is a correction for chance necessary?},
  author={Vinh, Nguyen Xuan and Epps, Julien and Bailey, James},
  booktitle={Proceedings of the 26th annual international conference on machine learning},
  pages={1073--1080},
  year={2009}
}

% semantic similarity, contextual similarity
@article{miller1991contextual,
  title={Contextual correlates of semantic similarity},
  author={Miller, George A and Charles, Walter G},
  journal={Language and cognitive processes},
  volume={6},
  number={1},
  pages={1--28},
  year={1991},
  publisher={Taylor \& Francis}
}

% siamese network
@inproceedings{bromley1994signature,
  title={Signature verification using a" siamese" time delay neural network},
  author={Bromley, Jane and Guyon, Isabelle and LeCun, Yann and S{\"a}ckinger, Eduard and Shah, Roopak},
  booktitle={Advances in neural information processing systems},
  pages={737--744},
  year={1994}
}


% senteval
@inproceedings{conneau-kiela-2018-senteval,
    title = "{S}ent{E}val: An Evaluation Toolkit for Universal Sentence Representations",
    author = "Conneau, Alexis  and
      Kiela, Douwe",
    booktitle = "Proceedings of the Eleventh International Conference on Language Resources and Evaluation ({LREC} 2018)",
    month = may,
    year = "2018",
    address = "Miyazaki, Japan",
    publisher = "European Language Resources Association (ELRA)",
    url = "https://www.aclweb.org/anthology/L18-1269",
}
% survey on similarity
@article{chandrasekaran2021evolution,
  title={Evolution of semantic similarity—a survey},
  author={Chandrasekaran, Dhivya and Mago, Vijay},
  journal={ACM Computing Surveys (CSUR)},
  volume={54},
  number={2},
  pages={1--37},
  year={2021},
  publisher={ACM New York, NY, USA}
}

% clique definition
@article{luce1949method,
  title={A method of matrix analysis of group structure},
  author={Luce, R Duncan and Perry, Albert D},
  journal={Psychometrika},
  volume={14},
  number={2},
  pages={95--116},
  year={1949},
  publisher={Springer}
}



% Text2Story my publication
@inproceedings{mensio2020towards,
  title={Towards a Cross-article Narrative Comparison of News},
  author={Mensio, Martino and Alani, Harith and Willis, Alistair},
  booktitle={Proceedings of the Text2Story’20 Workshop},
  year={2020},
  organization={CEUR WS}
}


% --------- DATASETS -----------------
% annotated by humans
% % news media frames dataset
@inproceedings{card2015media,
  title={The media frames corpus: Annotations of frames across issues},
  author={Card, Dallas and Boydstun, Amber and Gross, Justin H and Resnik, Philip and Smith, Noah A},
  booktitle={Proceedings of the 53rd Annual Meeting of the Association for Computational Linguistics and the 7th International Joint Conference on Natural Language Processing (Volume 2: Short Papers)},
  pages={438--444},
  year={2015}
}










% fake news and persuasion and Discursive Repertories
@inproceedings{orrumachine,
  title={Machine Learning and MADIT methodology for the fake news identification: the persuasion index},
  author={Orr{\`u}, Luisa and Moro, Christian and Cuccarini, Marco and Paita, Monia and Dalla, Marta Silvia and Riva, Davide Bassi and Da San Martino, Giovanni and Navarin, Nicol{\`o} and Turchi, Gian Piero},
  booktitle={4th International Conference on Advanced Research Methods and Analytics (CARMA2022)},
  year={2022},
  doi={10.4995/CARMA2022.2022.15081},
  url={http://dx.doi.org/10.4995/CARMA2022.2022.15081}
}

% persuasive writing and misinformation
% https://arxiv.org/pdf/2211.05985.pdf
@article{romain2022misinformation,
  title={Misinformation Detection using Persuasive Writing Strategies},
  author={Romain, Joseph and Liu, Huiyi and Peng, Wei and Meng, Jingbo and Kordjamshidi, Parisa},
  journal={arXiv preprint arXiv:2211.05985},
  year={2022}
}



% Roozenbeek KMi talk about YouTube ads to train audience
@article{roozenbeek2022countering,
  title={Countering Misinformation: Evidence, Knowledge Gaps, and Implications of Current Interventions},
  author={Roozenbeek, Jon and Suiter, Jane and Culloty, Eileen},
  year={2022},
  publisher={PsyArXiv}
}



% diff algorithm
@article{myers1986ano,
  title={AnO (ND) difference algorithm and its variations},
  author={Myers, Eugene W},
  journal={Algorithmica},
  volume={1},
  number={1},
  pages={251--266},
  year={1986},
  publisher={Springer}
}




% populism
% propaganda and populism are very strictly linked
% https://ebrary.net/177441/sociology/the_routledge_companion_to_media_disinformation_and_populism
@book{tumber2021routledge,
  title={The Routledge companion to media disinformation and populism},
  author={Tumber, Howard and Waisbord, Silvio},
  year={2021},
  publisher={Routledge}
}
% specific chapter
@incollection{oates2021rewired,
  title={Rewired propaganda: Propaganda, misinformation, and populism in the digital age},
  author={Oates, Sarah},
  booktitle={The Routledge Companion to Media Disinformation and Populism},
  pages={71--79},
  year={2021},
  publisher={Routledge}
}

% http://www.ask-force.org/web/Fundamentalists/Pasquino-Populism-and-Democrady-2005.pdf
@incollection{pasquino2008populism,
  title={Populism and democracy},
  author={Pasquino, Gianfranco},
  booktitle={Twenty-first century populism},
  pages={15--29},
  year={2008},
  publisher={Springer}
}

% dataset
@misc{hawkins2019global,
  doi = {10.7910/DVN/LFTQEZ},
  url = {https://dataverse.harvard.edu/citation?persistentId=doi:10.7910/DVN/LFTQEZ},
  author = {Hawkins,  Kirk A. and Aguilar,  Rosario and Castanho Silva,  Bruno and Jenne,  Erin K. and Kocijan,  Bojana and Rovira Kaltwasser,  Cristóbal},
  title = {Global Populism Database},
  publisher = {Harvard Dataverse},
  year = {2019}
}

% left and right populism examples
@book{muller2017populism,
  title={What is populism?},
  author={M{\"u}ller, Jan-Werner},
  year={2017},
  publisher={Penguin UK}
}

% left and right different meanings for populism in the US
@article{postel2016if,
  title={If Trump and Sanders Are Both Populists, What Does Populist Mean?},
  author={Postel, Charles},
  journal={The American Historian},
  volume={7},
  year={2016},
  url={https://www.oah.org/tah/issues/2016/february/if-trump-and-sanders-are-both-populists-what-does-populist-mean/}
}
@article{jensen2017populism,
  title={Populism and connectivism: An analysis of the Sanders and Trump nomination campaigns},
  author={Jensen, Michael J and Bang, Henrik P},
  journal={Journal of Political Marketing},
  volume={16},
  number={3-4},
  pages={343--364},
  year={2017},
  publisher={Taylor \& Francis}
}
@article{busby2019framing,
  title={Framing and blame attribution in populist rhetoric},
  author={Busby, Ethan C and Gubler, Joshua R and Hawkins, Kirk A},
  journal={The Journal of Politics},
  volume={81},
  number={2},
  pages={616--630},
  year={2019},
  publisher={The University of Chicago Press Chicago, IL}
}



% CIMPLE citations
@article{spezzano2021s,
  title={That's Fake News! Reliability of News When Provided Title, Image, Source Bias \& Full Article},
  author={Spezzano, Francesca and Shrestha, Anu and Fails, Jerry Alan and Stone, Brian W},
  journal={Proceedings of the ACM on Human-Computer Interaction},
  volume={5},
  number={CSCW1},
  pages={1--19},
  year={2021},
  publisher={ACM New York, NY, USA}
}



















@article{spearman1910correlation,
  title={Correlation calculated from faulty data},
  author={Spearman, Charles},
  journal={British journal of psychology},
  volume={3},
  number={3},
  pages={271},
  year={1910},
  publisher={Cambridge University Press}
}


@inproceedings{baly2020we,
 address = {Online},
 author = {Baly, Ramy  and
Da San Martino, Giovanni  and
Glass, James  and
Nakov, Preslav},
 booktitle = {Conf. Empirical Methods in Natural Language Processing (EMNLP)},
 doi = {10.18653/v1/2020.emnlp-main.404},
 publisher = {ACL},
 title = {We Can Detect Your Bias: Predicting the Political Ideology of News Articles},
 year = {2020}
}
 %publisher = {Association for Computational Linguistics},
 % url = {https://www.aclweb.org/anthology/2020.emnlp-main.404},
%pages = {4982--4991},

@inproceedings{yan2017perils,
 author = {Yan, Hao and Lavoie, Allen and Das, Sanmay},
 booktitle = {LINKDEM@ IJCAI},
 title = {The perils of classifying political orientation from text},
 year = {2017}
}

@inproceedings{chen2017opinion,
 author = {Wei Chen and
Xiao Zhang and
Tengjiao Wang and
Bishan Yang and
Yi Li},
 bibsource = {dblp computer science bibliography, https://dblp.org},
 biburl = {https://dblp.org/rec/conf/ijcai/ChenZWYL17.bib},
 booktitle = {Proc. 26th Int. Joint Conf. on
Artificial Intelligence, {IJCAI} 2017, Melbourne, Australia, August
19-25, 2017},
 doi = {10.24963/ijcai.2017/510},
 editor = {Carles Sierra},
 title = {Opinion-aware Knowledge Graph for Political Ideology Detection},
 url = {https://doi.org/10.24963/ijcai.2017/510},
 year = {2017}
}
 %pages = {3647--3653},
 %publisher = {ijcai.org},
 %timestamp = {Fri, 04 Sep 2020 01:00:00 +0200},



@inproceedings{da2020survey,
 author = {Da San Martino, Giovanni  and
Cresci, Stefano  and
Barr{\'{o}}n{-}Cede{\~{n}}o, Alberto  and
Yu, Seunghak and
Di Pietro, Roberto and
Nakov, Preslav},
 bibsource = {dblp computer science bibliography, https://dblp.org},
 biburl = {https://dblp.org/rec/conf/ijcai/MartinoCBYPN20.bib},
 booktitle = {Proc. 29th Int. Joint Conf. Artificial Intelligence, {IJCAI} 2020},
 title = {A Survey on Computational Propaganda Detection},
 year = {2020}
}
 %url = {https://doi.org/10.24963/ijcai.2020/672},
 %doi = {10.24963/ijcai.2020/672},
 %editor = {Christian Bessiere},
 %pages = {4826--4832},
 %publisher = {ijcai.org},
 %timestamp = {Tue, 29 Dec 2020 00:00:00 +0100},






% old propaganda definition
@article{miller1939techniques,
  title={The Techniques of Propaganda. From “How to Detect and Analyze Propaganda,” an address given at Town Hall},
  author={Miller, Clyde R},
  journal={The Center for learning},
  year={1939}
}

% by only focusing on subjective statements, political leaning is easier:
% - BoW of subjective sentences
% - exctracting opinion expressions: positive/negative/negate against an expression (e.g. "gay marriage")
% http://citeseerx.ist.psu.edu/viewdoc/download?doi=10.1.1.216.4351&rep=rep1&type=pdf
@inproceedings{jiang2008political,
  title={Political Leaning Categorization by Exploring Subjectivities in Political Blogs.},
  author={Jiang, Maojin and Argamon, Shlomo},
  booktitle={DMIN},
  pages={647--653},
  year={2008},
  organization={Citeseer}
}

% Political leaning literature
% political ideology: broad concept and single left-right dimension
@article{jost2009political,
  title={Political ideology: Its structure, functions, and elective affinities},
  author={Jost, John T and Federico, Christopher M and Napier, Jaime L},
  journal={Annual review of psychology},
  volume={60},
  pages={307--337},
  year={2009},
  publisher={Annual Reviews}
}

% simple definition of political ideology: ``set of beliefs about the proper order of society and how it can be achieved"
@book{erikson2015american,
  title={American public opinion: Its origins, content and impact},
  author={Erikson, Robert S and Tedin, Kent L},
  year={2015},
  publisher={Routledge}
}

% liberal vs conservative ideological conflict (change vs status quo)
@book{bobbio1996left,
  title={Left and right: The significance of a political distinction},
  author={Bobbio, Norberto},
  year={1996},
  publisher={University of Chicago Press}
}

% left vs right: supporting vs opposing social change, rejecting vs accepting inequality
@book{jost2018political,
  title={Political conservatism as motivated social cognition},
  author={Jost, John T and Glaser, Jack and Sulloway, Frank J and Kruglanski, Arie W},
  year={2018},
  publisher={Routledge}
}

% terms associated with left and right
@incollection{fuchs1990,
  title={The left-right schema},
  editor={Jennings, M Kent and Van Deth, Jan W},
  author={Fuchs, Dieter and Klingemann, Hans-Dieter},
  booktitle={Continuities in Political Action},
  year={1990},
  pages={203--234},
  publisher={de Gruyter}
}

% left-right 
@article{nosek2009politics,
  title={The politics of intergroup attitudes},
  author={Nosek, Brian A and Banaji, Mahzarin R and Jost, John T},
  journal={Social and psychological bases of ideology and system justification},
  pages={480--506},
  year={2009}
}
@book{burke1790reflections,
  title={Reflections on the Revolution in France: And on the Proceedings in Certain Societies in London Relative to that Event.},
  author={Burke, Edmund},
  year={1868},
  publisher={Risingtens}
}




% prediction of source leaning
@article{baly2020written,
  title={What was written vs. who read it: News media profiling using text analysis and social media context},
  author={Baly, Ramy and Karadzhov, Georgi and An, Jisun and Kwak, Haewoon and Dinkov, Yoan and Ali, Ahmed and Glass, James and Nakov, Preslav},
  journal={arXiv preprint arXiv:2005.04518},
  year={2020}
}

% prediction of source leaning, using tweets and topical stance
@inproceedings{stefanov2020predicting,
  title={Predicting the topical stance and political leaning of media using tweets},
  author={Stefanov, Peter and Darwish, Kareem and Atanasov, Atanas and Nakov, Preslav},
  booktitle={Proc. 58th Annual Meeting of the Association for Computational Linguistics},
  pages={527--537},
  year={2020}
}

% clickbait everywhere attention economy
@article{bazaco2019clickbait,
  title={Clickbait as a strategy of viral journalism: conceptualisation and methods},
  author={Bazaco, {\'A}ngela},
  year={2019},
  publisher={Universidad de La Laguna (Tenerife, Islas Canarias). LAboratorio de~…}
}
% attention economy
@article{davenport2001attention,
  title={The attention economy},
  author={Davenport, Thomas H and Beck, John C},
  journal={Ubiquity},
  volume={2001},
  number={May},
  pages={1--es},
  year={2001},
  publisher={ACM New York, NY, USA}
}

% appeal to authority
@book{walton2010appeal,
  title={Appeal to expert opinion: Arguments from authority},
  author={Walton, Douglas},
  year={2010},
  publisher={Penn State Press}
}

% Semeval
@inproceedings{da2020semeval,
  title={SemEval-2020 task 11: Detection of propaganda techniques in news articles},
  author={Da San Martino, Giovanni and Barr{\'o}n-Cedeno, Alberto and Wachsmuth, Henning and Petrov, Rostislav and Nakov, Preslav},
  booktitle={Proc. 14th Workshop on Semantic Evaluation},
  pages={1377--1414},
  year={2020}
}

% proppy: article level propaganda
@article{barron2019proppy,
  title={Proppy: Organizing the news based on their propagandistic content},
  author={Barrón-Cedeño, Alberto and Jaradat, Israa and Da San Martino, Giovanni and Nakov, Preslav},
  journal={Information Processing \& Management},
  volume={56},
  number={5},
  pages={1849--1864},
  year={2019},
  publisher={Elsevier},
  url={https://www.sciencedirect.com/science/article/pii/S0306457318306058}
}
% proppy dataset zenodo
@dataset{alberto_barron_cedeno_2019_3271522,
  author       = {Alberto Barrón-Cedeño and
                  Israa Jaradat and
                  Giovanni Da San Martino and
                  Preslav Nakov},
  title        = {Proppy Corpus 1.0},
  month        = jul,
  year         = 2019,
  publisher    = {Zenodo},
  doi          = {10.5281/zenodo.3271522},
  url          = {https://doi.org/10.5281/zenodo.3271522}
}

% TSHP-17, also distinction between propaganda, hoax, satire
@inproceedings{rashkin2017truth,
  title={Truth of varying shades: Analyzing language in fake news and political fact-checking},
  author={Rashkin, Hannah and Choi, Eunsol and Jang, Jin Yea and Volkova, Svitlana and Choi, Yejin},
  booktitle={Proc. 2017 Conf. Empirical Methods in Natural Language Processing},
  year={2017},
  url={https://aclanthology.org/D17-1317.pdf}
}
  %pages={2931--2937},

% hindi propaganda datasets
@article{chaudhari2022h,
  title={H-Prop and H-Prop-News: Computational Propaganda Datasets in Hindi},
  author={Chaudhari, Deptii and Pawar, Ambika Vishal and Barr{\'o}n-Cede{\~n}o, Alberto},
  journal={Data},
  volume={7},
  number={3},
  pages={29},
  year={2022},
  publisher={MDPI},
  url={https://www.mdpi.com/2306-5729/7/3/29/htm}
}
@dataset{chaudhari_deptii_2022_5828240,
  author       = {Chaudhari, Deptii and
                  Pawar, Ambika and
                  Barrón-Cedeno, Alberto},
  title        = {{H-Prop and H-Prop-News Propaganda Datasets in 
                   Hindi}},
  month        = jan,
  year         = 2022,
  publisher    = {Zenodo},
  version      = {1.0},
  doi          = {10.5281/zenodo.5828240},
  url          = {https://doi.org/10.5281/zenodo.5828240}
}

@inproceedings{baisa2019benchmark,
  title={Benchmark dataset for propaganda detection in Czech newspaper texts},
  author={Baisa, V{\'\i}t and Herman, Ond{\v{r}}ej and Hor{\'a}k, Ale{\v{s}}},
  booktitle={Proceedings of the International Conference on Recent Advances in Natural Language Processing (RANLP 2019)},
  pages={77--83},
  year={2019},
  url={https://aclanthology.org/R19-1010.pdf}
}
% detection of propaganda detailed
@inproceedings{yoosuf2019fine,
  title={Fine-grained propaganda detection with fine-tuned BERT},
  author={Yoosuf, Shehel and Yang, Yin},
  booktitle={Proceedings of the second workshop on natural language processing for internet freedom: censorship, disinformation, and propaganda},
  pages={87--91},
  year={2019}
}
@inproceedings{vorakitphan2022protect,
  title={PROTECT: A Pipeline for Propaganda Detection and Classification},
  author={Vorakitphan, Vorakit and Cabrio, Elena and Villata, Serena},
  booktitle={CLiC-it 2021-Italian Conference on Computational Linguistics},
  year={2022}
}



% left-leaning slogans for Trump re-election
@article{jiang2020political,
  title={Political polarization drives online conversations about COVID-19 in the United States},
  author={Jiang, Julie and Chen, Emily and Yan, Shen and Lerman, Kristina and Ferrara, Emilio},
  journal={Human Behavior and Emerging Technologies},
  volume={2},
  number={3},
  pages={200--211},
  year={2020},
  publisher={Wiley Online Library}
}


@inproceedings{bagdasaryan2022spinning,
  title={Spinning Language Models: Risks of Propaganda-as-a-Service and Countermeasures},
  author={Bagdasaryan, Eugene and Shmatikov, Vitaly},
  booktitle={2022 IEEE Symposium on Security and Privacy (SP)},
  pages={1532--1532},
  year={2022},
  organization={IEEE Computer Society}
}

% the "propaganda model"
@book{herman1988manufacturing,
  title={Manufacturing consent: The political economy of the mass media},
  author={Herman, Edward S and Chomsky, Noam},
  year={1988},
  publisher={Random House}
}

% propaganda model revisited
@article{herman1996propaganda,
  title={The propaganda model revisited},
  author={Herman, Edward},
  journal={MONTHLY REVIEW-NEW YORK-},
  volume={48},
  pages={115--128},
  year={1996},
  publisher={Monthly Review Press}
}

% left-leaning propaganda
@misc{phillips2007left,
  title={Left progressive media inside the propaganda model},
  author={Phillips, Peter},
  year={2007},
  url=https://www.projectcensored.org/wp-content/uploads/2010/05/LeftProgressiveMediaInsideth_PropagandaModel.pdf 
}

% countries/contexts where propaganda appeared
@book{woolley2018computational,
  title={Computational propaganda: Political parties, politicians, and political manipulation on social media},
  author={Woolley, Samuel C and Howard, Philip N},
  year={2018},
  publisher={Oxford University Press}
}

% populism in Canada: western alienation
@book{henry2000revisiting,
  title={Revisiting western alienation: Towards a better understanding of political alienation and political behaviour in western Canada},
  author={Henry, Shawn},
  year={2000},
  publisher={University of Calgary}
}

% populism in Ukraine, populism to label various political groups from all leanings
@article{kuzio2010populism,
  title={Populism in Ukraine in a comparative European context},
  author={Kuzio, Taras},
  journal={Problems of post-communism},
  volume={57},
  number={6},
  pages={3--18},
  year={2010},
  publisher={Taylor \& Francis}
}
  

% shortcut problem
@article{geirhos2020shortcut,
  title={Shortcut learning in deep neural networks},
  author={Geirhos, Robert and Jacobsen, J{\"o}rn-Henrik and Michaelis, Claudio and Zemel, Richard and Brendel, Wieland and Bethge, Matthias and Wichmann, Felix A},
  journal={Nature Machine Intelligence},
  volume={2},
  number={11},
  pages={665--673},
  year={2020},
  publisher={Nature Publishing Group}
}

% Longest-processing-time-first scheduling greedy algorithm used for the media splits
@article{graham1969bounds,
  title={Bounds on multiprocessing timing anomalies},
  author={Graham, Ronald L.},
  journal={SIAM journal on Applied Mathematics},
  volume={17},
  number={2},
  pages={416--429},
  year={1969},
  publisher={SIAM}
}


@book{seargeant2020art,
  title={The art of political storytelling: Why stories win votes in post-truth politics},
  author={Seargeant, Philip},
  year={2020},
  publisher={Bloomsbury Publishing}
}

% NELA credibility
@inproceedings{horne2018assessing,
  title={Assessing the news landscape: A multi-module toolkit for evaluating the credibility of news},
  author={Horne, Benjamin D and Dron, William and Khedr, Sara and Adali, Sibel},
  booktitle={Companion Proc. The Web Conference 2018},
  pages={235--238},
  year={2018}
}

% NELA dataset
@data{DVN/ULHLCB_2019,
author = {Nørregaard, Jeppe and Horne, Benjamin Douglas and Adali, Sibel},
publisher = {Harvard Dataverse},
title = {{NELA-GT-2018}},
year = {2019},
version = {V4},
doi = {10.7910/DVN/ULHLCB},
url = {https://doi.org/10.7910/DVN/ULHLCB}
}

@article{lippi2016argumentation,
  title={Argumentation mining: State of the art and emerging trends},
  author={Lippi, Marco and Torroni, Paolo},
  journal={ACM Trans. on Internet Technology (TOIT)},
  volume={16},
  number={2},
  pages={1--25},
  year={2016},
  publisher={ACM New York, NY, USA}
}

% mcnemar test
@article{mcnemar1947note,
  title={Note on the sampling error of the difference between correlated proportions or percentages},
  author={McNemar, Quinn},
  journal={Psychometrika},
  volume={12},
  number={2},
  pages={153--157},
  year={1947},
  publisher={Springer}
}

% sentiment analysis
% stanford CoreNLP sentiment paper
@inproceedings{socher2013recursive,
  title={Recursive deep models for semantic compositionality over a sentiment treebank},
  author={Socher, Richard and Perelygin, Alex and Wu, Jean and Chuang, Jason and Manning, Christopher D and Ng, Andrew Y and Potts, Christopher},
  booktitle={Proceedings of the 2013 conference on empirical methods in natural language processing},
  pages={1631--1642},
  year={2013}
}
@article{godbole2007large,
  title={Large-Scale Sentiment Analysis for News and Blogs.},
  author={Godbole, Namrata and Srinivasaiah, Manja and Skiena, Steven},
  journal={Icwsm},
  volume={7},
  number={21},
  pages={219--222},
  year={2007}
}

% narrative text2story keynote
@inproceedings{finlayson2020recent,
  title={Recent Advances in Narrative Natural Language Processing.},
  author={Finlayson, Mark A},
  booktitle={Text2Story@ ECIR},
  year={2020}
}
  %pages={3},

% another source-level prediction
@article{biessmann2016automating,
  title={Automating political bias prediction},
  author={Biessmann, Felix},
  journal={arXiv preprint arXiv:1608.02195},
  year={2016}
}

@article{gentzkow,
author= {Matthew Gentzkow and Jesse M. Shapiro},
title={What drives media slant? Evidence from U.S. daily newspapers},
journal={Econometrica},
volume={78},
number={1},
pages={35–71},
year={2010},
}

@inproceedings{ahmed201,
author={Amr Ahmed and Eric Xing},
title={Staying informed: Supervised and semi-supervised multi-view topical analysis of ideological perspective},
book={Proc. Conf. Empirical Methods in Natural Language Processing (EMNLP)},
address={Cambridge, MA},
year={2010}
}

@article{budak,
 author = {Budak, Ceren and Goel, Sharad and Rao, Justin M.},
    title = "{Fair and Balanced? Quantifying Media Bias through Crowdsourced Content Analysis}",
    journal = {Public Opinion Quarterly},
    volume = {80},
    number = {S1},
    pages = {250-271},
    year = {2016},
    month = {04}
    }
    
    
 @inproceedings{Cohen2013ClassifyingPO,
  title={Classifying Political Orientation on Twitter: It's Not Easy!},
  author={Raviv Cohen and D. Ruths},
  booktitle={Int. Conf. Weblogs and Social Media (ICWSM)},
  address={Boston, MA},
  year={2013}
}


@article {Bakshy1130,
	author = {Bakshy, Eytan and Messing, Solomon and Adamic, Lada A.},
	title = {Exposure to ideologically diverse news and opinion on Facebook},
	volume = {348},
	number = {6239},
	pages = {1130--1132},
	year = {2015},
	journal={Science}
	}

@inproceedings{thomas-etal-2006-get,
    title = "Get out the vote: Determining support or opposition from Congressional floor-debate transcripts",
    author = "Thomas, Matt  and
      Pang, Bo  and
      Lee, Lillian",
    booktitle = "Proc. Conf. Empirical Methods in Natural Language Processing",
    year = "2006",
    address = "Sydney, Australia",
    publisher = "ACL"
}
    %url = "https://aclanthology.org/W06-1639",
    %pages = "327--335",


@inproceedings{iyyer-etal-2014-political,
    title = "Political Ideology Detection Using Recursive Neural Networks",
    author = "Iyyer, Mohit  and
      Enns, Peter  and
      Boyd-Graber, Jordan  and
      Resnik, Philip",
    booktitle = "Proc. 52nd Annual Meeting of the Association for Computational Linguistics",
    year = "2014",
    address = "Baltimore, Maryland",
    publisher = {ACL}
}

@book{bernays,
author={Edward Bernays},
title="Propaganda",
publisher={republished by Desert Books},
year={1928}}


@article{joulin2016fasttext,
  title={Fasttext. zip: Compressing text classification models},
  author={Joulin, Armand and Grave, Edouard and Bojanowski, Piotr and Douze, Matthijs and J{\'e}gou, H{\'e}rve and Mikolov, Tomas},
  journal={arXiv preprint arXiv:1612.03651},
  year={2016}
}


% qsample quotation detection
@inproceedings{scheible2016model,
  title={Model architectures for quotation detection},
  author={Scheible, Christian and Klinger, Roman and Pad{\'o}, Sebastian},
  booktitle={Proceedings of the 54th Annual Meeting of the Association for Computational Linguistics (Volume 1: Long Papers)},
  pages={1736--1745},
  year={2016}
}

% persuasion definition
@book{gass2018persuasion,
  title={Persuasion: Social influence and compliance gaining},
  author={Gass, Robert H and Seiter, John S},
  year={2018},
  publisher={Routledge}
}

% persuasion is related to emotion
@article{rocklage2018persuasion,
  title={Persuasion, emotion, and language: The intent to persuade transforms language via emotionality},
  author={Rocklage, Matthew D and Rucker, Derek D and Nordgren, Loran F},
  journal={Psychological science},
  volume={29},
  number={5},
  pages={749--760},
  year={2018},
  publisher={Sage Publications Sage CA: Los Angeles, CA}
}
@article{desteno2004discrete,
  title={Discrete emotions and persuasion: the role of emotion-induced expectancies.},
  author={DeSteno, David and Petty, Richard E and Rucker, Derek D and Wegener, Duane T and Braverman, Julia},
  journal={Journal of personality and social psychology},
  volume={86},
  number={1},
  pages={43},
  year={2004},
  publisher={American Psychological Association}
}
@article{petty2015emotion,
  title={Emotion and persuasion: Cognitive and meta-cognitive processes impact attitudes},
  author={Petty, Richard E and Bri{\~n}ol, Pablo},
  journal={Cognition and Emotion},
  volume={29},
  number={1},
  pages={1--26},
  year={2015},
  publisher={Taylor \& Francis}
}


% persuasion linked to sentiment
@inproceedings{gatti2014sentiment,
  title={Sentiment variations in text for persuasion technology},
  author={Gatti, Lorenzo and Guerini, Marco and Stock, Oliviero and Strapparava, Carlo},
  booktitle={International conference on persuasive technology},
  pages={106--117},
  year={2014},
  organization={Springer}
}

% persuasion and propaganda
@book{jowett2018propaganda,
  title={Propaganda \& persuasion},
  author={Jowett, Garth S and O'donnell, Victoria},
  year={2018},
  publisher={Sage publications}
}
@article{jowett2012propaganda,
  title={What is propaganda, and how does it differ from persuasion},
  author={Jowett, Garth S and O’Donnell, Victoria},
  journal={Propaganda \& persuasion},
  pages={1--48},
  year={2012}
}


% TOPICS
@article{zhang2023strategic,
  title={Strategic framing matters but varies: A structural topic modeling approach to analyzing China’s foreign propaganda about the 2019 Hong Kong protests on Twitter},
  author={Zhang, Maggie Mengqing and Wang, Xiao and Hu, Yang},
  journal={Social Science Computer Review},
  volume={41},
  number={1},
  pages={265--285},
  year={2023},
  publisher={SAGE Publications Sage CA: Los Angeles, CA}
}

% hypothesis:
% Given that the topics discussed in the news do not all have the same polarizing effect – they present higher or lower levels of controversy [29]
@inproceedings{treuillier2022being,
  title={Being Diverse is Not Enough: Rethinking Diversity Evaluation to Meet Challenges of News Recommender Systems},
  author={Treuillier, Celina and Castagnos, Sylvain and Dufraisse, Evan and Brun, Armelle},
  booktitle={Adjunct Proceedings of the 30th ACM Conference on User Modeling, Adaptation and Personalization},
  pages={222--233},
  year={2022}
}
% citation of the above [29]
@article{garimella2018quantifying,
  title={Quantifying controversy on social media},
  author={Garimella, Kiran and Morales, Gianmarco De Francisci and Gionis, Aristides and Mathioudakis, Michael},
  journal={ACM Transactions on Social Computing},
  volume={1},
  number={1},
  pages={1--27},
  year={2018},
  publisher={ACM New York, NY, USA}
}

% wikidata / wikipedia taxonomy
@inproceedings{flati2014wikipedia,
  title={The Wikipedia Bitaxonomy Explorer.},
  author={Flati, Tiziano and Navigli, Roberto},
  booktitle={ISWC (Posters \& Demos)},
  pages={105--108},
  year={2014},
  organization={Citeseer}
}
@inproceedings{flati2014two,
  title={Two is bigger (and better) than one: the wikipedia bitaxonomy project},
  author={Flati, Tiziano and Vannella, Daniele and Pasini, Tommaso and Navigli, Roberto},
  booktitle={Proceedings of the 52nd Annual Meeting of the Association for Computational Linguistics (Volume 1: Long Papers)},
  pages={945--955},
  year={2014}
}
@inproceedings{ponzetto2009large,
  title={Large-Scale Taxonomy Mapping for Restructuring and Integrating Wikipedia.},
  author={Ponzetto, Simone Paolo and Navigli, Roberto},
  booktitle={IJCAI},
  volume={9},
  pages={2083--2088},
  year={2009}
}
@inproceedings{chu2019tifi,
  title={TiFi: Taxonomy induction for fictional domains},
  author={Chu, Cuong Xuan and Razniewski, Simon and Weikum, Gerhard},
  booktitle={The World Wide Web Conference},
  pages={2673--2679},
  year={2019}
}

% language stronger when opposing point of view
@article{rose1992political,
  title={Political power beyond the state: Problematics of government},
  author={Rose, Nikolas and Miller, Peter},
  journal={British journal of sociology},
  pages={173--205},
  year={1992},
  publisher={JSTOR}
}


% my publications
@article{mensio2020one,
  title={One event: different stories},
  author={Mensio, Martino},
  journal  = "Postgraduate Research Poster Competition",
  year={2020},
  publisher={The Open University}
}
@inproceedings{mensio2019news,
  title={News source credibility in the eyes of different assessors},
  author={Mensio, Martino and Alani, Harith},
  booktitle={Proceedings of the Conference for Truth and Trust Online 2019},
  year={2019}
}
@article{mensio2019misinfome,
  title={MisinfoMe: Who’s Interacting with Misinformation?},
  author={Mensio, Martino and Alani, Harith},
  year={2019},
  publisher={CEUR WS}
}
@inproceedings{mensio2020mitigating,
  title={Mitigating bias in deep nets with knowledge bases: The case of natural language understanding for robots},
  author={Mensio, Martino and Bastianelli, Emanuele and Tiddi, Ilaria and Rizzo, Giuseppe},
  booktitle={CEUR Workshop Proceedings},
  volume={2600},
  pages={20},
  year={2020},
  organization={CEUR-WS}
}
@inproceedings{burel2020co,
  title={Co-spread of misinformation and fact-checking content during the Covid-19 pandemic},
  author={Burel, Gr{\'e}goire and Farrell, Tracie and Mensio, Martino and Khare, Prashant and Alani, Harith},
  booktitle={Social Informatics: 12th International Conference, SocInfo 2020, Pisa, Italy, October 6--9, 2020, Proceedings 12},
  pages={28--42},
  year={2020},
  organization={Springer}
}
@inproceedings{piccolo2021agents,
  title={Agents for fighting misinformation spread on Twitter: design challenges},
  author={Piccolo, Lara and Blackwood, Azizah C and Farrell, Tracie and Mensio, Martino},
  booktitle={Proceedings of the 3rd Conference on Conversational User Interfaces},
  pages={1--7},
  year={2021}
}
@inproceedings{denaux2021weaving,
  title={Weaving a Semantic Web of Credibility Reviews for Explainable Misinformation Detection},
  author={Denaux, Ronald and Mensio, Martino and Gomez-Perez, Jose Manuel and Alani, Harith},
  booktitle={Proceedings of the Thirtieth International Joint Conference on Artificial Intelligence},
  year={2021},
  organization={International Joint Conferences on Artificial Intelligence Organization}
}
@inproceedings{lobo2022estimating,
  title={Estimating Ground Truth in a Low-labelled Data Regime: A Study of Racism Detection in Spanish},
  author={Lobo, Paula Reyero and Mensio, Martino and Perez, Angel Pavon and Bayer, Vaclav and Kwarteng, Joseph and Fernandez, Miriam and Alani, H},
  booktitle={Workshop Proceedings of the 16th International AAAI Conference on Web and Social Media.},
  year={2022}
}
@inproceedings{mensio2023misinfome,
  title={MisinfoMe: A Tool for Longitudinal Assessment of Twitter Accounts’ Sharing of Misinformation},
  author={Mensio, Martino and Burel, Gregoire and Farrell, Tracie and Alani, Harith},
  booktitle={Adjunct Proceedings of the 31st ACM Conference on User Modeling, Adaptation and Personalization},
  pages={72--75},
  year={2023}
}

@misc{openai2023gpt4,
      title={GPT-4 Technical Report}, 
      author={OpenAI},
      year={2023},
      eprint={2303.08774},
      archivePrefix={arXiv},
      primaryClass={cs.CL}
}


% literature about parallel news corpora

% sentence-level paraphrase extraction 
@article{dolan2004unsupervised,
  title={Unsupervised construction of large paraphrase corpora: Exploiting massively parallel news sources},
  author={Dolan, William and Quirk, Chris and Brockett, Chris and Dolan, Bill},
  year={2004}
}
@inproceedings{zhang2013harvesting,
  title={Harvesting parallel news streams to generate paraphrases of event relations},
  author={Zhang, Congle and Weld, Daniel S},
  booktitle={Proceedings of the 2013 Conference on Empirical Methods in Natural Language Processing},
  pages={1776--1786},
  year={2013}
}

% multilingual parallel corpus
@inproceedings{tiedemann2012parallel,
  title={Parallel data, tools and interfaces in OPUS.},
  author={Tiedemann, J{\"o}rg},
  booktitle={Lrec},
  volume={2012},
  pages={2214--2218},
  year={2012},
  organization={Citeseer}
}
@inproceedings{brown1991aligning,
  title={Aligning sentences in parallel corpora},
  author={Brown, Peter F and Lai, Jennifer C and Mercer, Robert L},
  booktitle={29th Annual Meeting of the Association for Computational Linguistics},
  pages={169--176},
  year={1991}
}
@article{ramesh2022samanantar,
  title={Samanantar: The largest publicly available parallel corpora collection for 11 indic languages},
  author={Ramesh, Gowtham and Doddapaneni, Sumanth and Bheemaraj, Aravinth and Jobanputra, Mayank and Ak, Raghavan and Sharma, Ajitesh and Sahoo, Sujit and Diddee, Harshita and Kakwani, Divyanshu and Kumar, Navneet and others},
  journal={Transactions of the Association for Computational Linguistics},
  volume={10},
  pages={145--162},
  year={2022},
  publisher={MIT Press One Rogers Street, Cambridge, MA 02142-1209, USA journals-info~…}
}
@inproceedings{ziemski2016united,
  title={The united nations parallel corpus v1. 0},
  author={Ziemski, Micha{\l} and Junczys-Dowmunt, Marcin and Pouliquen, Bruno},
  booktitle={Proceedings of the Tenth International Conference on Language Resources and Evaluation (LREC'16)},
  pages={3530--3534},
  year={2016}
}
@article{kunchukuttan2017iit,
  title={The iit bombay english-hindi parallel corpus},
  author={Kunchukuttan, Anoop and Mehta, Pratik and Bhattacharyya, Pushpak},
  journal={arXiv preprint arXiv:1710.02855},
  year={2017}
}
@inproceedings{banon2020paracrawl,
  title={ParaCrawl: Web-scale acquisition of parallel corpora},
  author={Ba{\~n}{\'o}n, Marta and Chen, Pinzhen and Haddow, Barry and Heafield, Kenneth and Hoang, Hieu and Espl{\`a}-Gomis, Miquel and Forcada, Mikel L and Kamran, Amir and Kirefu, Faheem and Koehn, Philipp and others},
  booktitle={Proceedings of the 58th Annual Meeting of the Association for Computational Linguistics},
  pages={4555--4567},
  year={2020}
}

% expose user to different points of view to break the filter bubble
@article{bozdag2015breaking,
  title={Breaking the filter bubble: democracy and design},
  author={Bozdag, Engin and Van Den Hoven, Jeroen},
  journal={Ethics and information technology},
  volume={17},
  pages={249--265},
  year={2015},
  publisher={Springer}
}

% filter bubble
@book{pariser2011filter,
  title={The filter bubble: What the Internet is hiding from you},
  author={Pariser, Eli},
  year={2011},
  publisher={penguin UK}
}

% dataset parallel news
@article{trampuvs2015diversinews,
  title={DiversiNews: surfacing diversity in online news},
  author={Trampu{\v{s}}, Mitja and Fuart, Flavio and Pighin, Daniele and {\v{S}}tajner, Tadej and Ber{\v{c}}i{\v{c}}, Jan and Novak, Blaz and Rusu, Delia and Stopar, Luka and Grobelnik, Marko},
  journal={AI Magazine},
  volume={36},
  number={4},
  pages={87--104},
  year={2015}
}
@inproceedings{park2009newscube,
  title={NewsCube: delivering multiple aspects of news to mitigate media bias},
  author={Park, Souneil and Kang, Seungwoo and Chung, Sangyoung and Song, Junehwa},
  booktitle={Proceedings of the SIGCHI conference on human factors in computing systems},
  pages={443--452},
  year={2009}
}

% automated news clustering
@inproceedings{marutho2018determination,
  title={The determination of cluster number at k-mean using elbow method and purity evaluation on headline news},
  author={Marutho, Dhendra and Handaka, Sunarna Hendra and Wijaya, Ekaprana and others},
  booktitle={2018 international seminar on application for technology of information and communication},
  pages={533--538},
  year={2018},
  organization={IEEE}
}
@article{alelyani2018feature,
  title={Feature selection for clustering: A review},
  author={Alelyani, Salem and Tang, Jiliang and Liu, Huan},
  journal={Data clustering},
  pages={29--60},
  year={2018},
  publisher={Chapman and Hall/CRC}
}
% karimi2018news (already in plagiarism detection)

% semantic similarity
@book{harispe2015semantic,
  title={Semantic similarity from natural language and ontology analysis},
  author={Harispe, S{\'e}bastien and Ranwez, Sylvie and Janaqi, Stefan and Montmain, Jacky},
  year={2015},
  publisher={Springer}
}

% similar claims checking
@article{nakov2021automated,
  title={Automated fact-checking for assisting human fact-checkers},
  author={Nakov, Preslav and Corney, David and Hasanain, Maram and Alam, Firoj and Elsayed, Tamer and Barr{\'o}n-Cede{\~n}o, Alberto and Papotti, Paolo and Shaar, Shaden and Martino, Giovanni Da San},
  journal={arXiv preprint arXiv:2103.07769},
  year={2021}
}

@article{guo2022survey,
  title={A survey on automated fact-checking},
  author={Guo, Zhijiang and Schlichtkrull, Michael and Vlachos, Andreas},
  journal={Transactions of the Association for Computational Linguistics},
  volume={10},
  pages={178--206},
  year={2022},
  publisher={MIT Press One Rogers Street, Cambridge, MA 02142-1209, USA journals-info~…}
}

% news recommender systems
@inproceedings{tintarev2006similarity,
  title={Similarity for news recommender systems},
  author={Tintarev, Nava and Masthoff, Judith},
  booktitle={Proceedings of the AH’06 Workshop on Recommender Systems and Intelligent User Interfaces},
  year={2006},
  organization={Citeseer}
}
@article{karimi2018news,
  title={News recommender systems--Survey and roads ahead},
  author={Karimi, Mozhgan and Jannach, Dietmar and Jugovac, Michael},
  journal={Information Processing \& Management},
  volume={54},
  number={6},
  pages={1203--1227},
  year={2018},
  publisher={Elsevier}
}
@article{feng2020news,
  title={News recommendation systems-accomplishments, challenges \& future directions},
  author={Feng, Chong and Khan, Muzammil and Rahman, Arif Ur and Ahmad, Arshad},
  journal={IEEE Access},
  volume={8},
  pages={16702--16725},
  year={2020},
  publisher={IEEE}
}

% news recommender systems filter bubble
@article{lunardi2020metric,
  title={A metric for Filter Bubble measurement in recommender algorithms considering the news domain},
  author={Lunardi, Gabriel Machado and Machado, Guilherme Medeiros and Maran, Vinicius and de Oliveira, Jos{\'e} Palazzo M},
  journal={Applied Soft Computing},
  volume={97},
  pages={106771},
  year={2020},
  publisher={Elsevier}
}
@inproceedings{nguyen2014exploring,
  title={Exploring the filter bubble: the effect of using recommender systems on content diversity},
  author={Nguyen, Tien T and Hui, Pik-Mai and Harper, F Maxwell and Terveen, Loren and Konstan, Joseph A},
  booktitle={Proceedings of the 23rd international conference on World wide web},
  pages={677--686},
  year={2014}
}
@inproceedings{lunardi2019representing,
  title={Representing the filter bubble: Towards a model to diversification in news},
  author={Lunardi, Gabriel Machado},
  booktitle={Advances in Conceptual Modeling: ER 2019 Workshops FAIR, MREBA, EmpER, MoBiD, OntoCom, and ER Doctoral Symposium Papers, Salvador, Brazil, November 4--7, 2019, Proceedings 38},
  pages={239--246},
  year={2019},
  organization={Springer}
}

% news recommender systems serendipity
@article{ziarani2021serendipity,
  title={Serendipity in recommender systems: a systematic literature review},
  author={Ziarani, Reza Jafari and Ravanmehr, Reza},
  journal={Journal of Computer Science and Technology},
  volume={36},
  pages={375--396},
  year={2021},
  publisher={Springer}
}
@inproceedings{abdollahpouri2021toward,
  title={Toward the next generation of news recommender systems},
  author={Abdollahpouri, Himan and Malthouse, Edward C and Konstan, Joseph A and Mobasher, Bamshad and Gilbert, Jeremy},
  booktitle={Companion proceedings of the web conference 2021},
  pages={402--406},
  year={2021}
}
@article{raza2022news,
  title={News recommender system: a review of recent progress, challenges, and opportunities},
  author={Raza, Shaina and Ding, Chen},
  journal={Artificial Intelligence Review},
  pages={1--52},
  year={2022},
  publisher={Springer}
}

% plagiarism detection
@inproceedings{stein2006near,
  title={Near similarity search and plagiarism analysis},
  author={Stein, Benno and Zu Eissen, Sven Meyer},
  booktitle={From Data and Information Analysis to Knowledge Engineering: Proceedings of the 29th Annual Conference of the Gesellschaft f{\"u}r Klassifikation eV University of Magdeburg, March 9--11, 2005},
  pages={430--437},
  year={2006},
  organization={Springer}
}
@article{alzahrani2010fuzzy,
  title={Fuzzy semantic-based string similarity for extrinsic plagiarism detection},
  author={Alzahrani, Salha and Salim, Naomie},
  journal={Braschler and Harman},
  volume={1176},
  pages={1--8},
  year={2010}
}
@article{arabi2022improving,
  title={Improving plagiarism detection in text document using hybrid weighted similarity},
  author={Arabi, Hamed and Akbari, Mehdi},
  journal={Expert Systems with Applications},
  volume={207},
  pages={118034},
  year={2022},
  publisher={Elsevier}
}

% corroboration and omission
@article{ehrhardt2021omission,
  title={Omission of information: Identifying political slant via an analysis of co-occurring entities},
  author={Ehrhardt, Jonas and Spinde, Timo and Vardasbi, Ali and Hamborg, Felix},
  year={2021},
  publisher={Werner H{\"u}lsbusch}
}


% sentiment analysis
@article{medhat2014sentiment,
  title={Sentiment analysis algorithms and applications: A survey},
  author={Medhat, Walaa and Hassan, Ahmed and Korashy, Hoda},
  journal={Ain Shams engineering journal},
  volume={5},
  number={4},
  pages={1093--1113},
  year={2014},
  publisher={Elsevier}
}
@article{wankhade2022survey,
  title={A survey on sentiment analysis methods, applications, and challenges},
  author={Wankhade, Mayur and Rao, Annavarapu Chandra Sekhara and Kulkarni, Chaitanya},
  journal={Artificial Intelligence Review},
  volume={55},
  number={7},
  pages={5731--5780},
  year={2022},
  publisher={Springer}
}
@article{zhang2022survey,
  title={A survey on aspect-based sentiment analysis: Tasks, methods, and challenges},
  author={Zhang, Wenxuan and Li, Xin and Deng, Yang and Bing, Lidong and Lam, Wai},
  journal={IEEE Transactions on Knowledge and Data Engineering},
  year={2022},
  publisher={IEEE}
}
@article{taboada2011lexicon,
  title={Lexicon-based methods for sentiment analysis},
  author={Taboada, Maite and Brooke, Julian and Tofiloski, Milan and Voll, Kimberly and Stede, Manfred},
  journal={Computational linguistics},
  volume={37},
  number={2},
  pages={267--307},
  year={2011},
  publisher={MIT Press One Rogers Street, Cambridge, MA 02142-1209, USA journals-info~…}
}
@article{hardeniya2016dictionary,
  title={Dictionary based approach to sentiment analysis-a review},
  author={Hardeniya, Tanvi and Borikar, Dilipkumar A},
  journal={International Journal of Advanced Engineering, Management and Science},
  volume={2},
  number={5},
  pages={239438},
  year={2016},
  publisher={Infogain Publication}
}
@article{okango2022dictionary,
  title={Dictionary based global Twitter sentiment analysis of coronavirus (Covid-19) effects and response},
  author={Okango, Elphas and Mwambi, Henry},
  journal={Annals of Data Science},
  volume={9},
  number={1},
  pages={175--186},
  year={2022},
  publisher={Springer}
}
@article{mitra2020sentiment,
  title={Sentiment analysis using machine learning approaches (Lexicon based on movie review dataset)},
  author={Mitra, Ayushi},
  journal={Journal of Ubiquitous Computing and Communication Technologies (UCCT)},
  volume={2},
  number={03},
  pages={145--152},
  year={2020}
}
@article{darwich2019corpus,
  title={Corpus-Based Techniques for Sentiment Lexicon Generation: A Review.},
  author={Darwich, Mohammad and Mohd, Shahrul Azman and Omar, Nazlia and Osman, Nurul Aida},
  journal={J. Digit. Inf. Manag.},
  volume={17},
  number={5},
  pages={296},
  year={2019}
}
@article{rice2021corpus,
  title={Corpus-based dictionaries for sentiment analysis of specialized vocabularies},
  author={Rice, Douglas R and Zorn, Christopher},
  journal={Political Science Research and Methods},
  volume={9},
  number={1},
  pages={20--35},
  year={2021},
  publisher={Cambridge University Press}
}
@inproceedings{zharmagambetov2015sentiment,
  title={Sentiment analysis of a document using deep learning approach and decision trees},
  author={Zharmagambetov, Arman S and Pak, Alexandr A},
  booktitle={2015 Twelve international conference on electronics computer and computation (ICECCO)},
  pages={1--4},
  year={2015},
  organization={IEEE}
}
@inproceedings{bayhaqy2018sentiment,
  title={Sentiment analysis about E-commerce from tweets using decision tree, K-nearest neighbor, and na{\"\i}ve bayes},
  author={Bayhaqy, Achmad and Sfenrianto, Sfenrianto and Nainggolan, Kaman and Kaburuan, Emil R},
  booktitle={2018 international conference on orange technologies (ICOT)},
  pages={1--6},
  year={2018},
  organization={IEEE}
}
@article{fitri2019sentiment,
  title={Sentiment analysis of social media Twitter with case of Anti-LGBT campaign in Indonesia using Na{\"\i}ve Bayes, decision tree, and random forest algorithm},
  author={Fitri, Veny Amilia and Andreswari, Rachmadita and Hasibuan, Muhammad Azani},
  journal={Procedia Computer Science},
  volume={161},
  pages={765--772},
  year={2019},
  publisher={Elsevier}
}
@inproceedings{rathi2018sentiment,
  title={Sentiment analysis of tweets using machine learning approach},
  author={Rathi, Megha and Malik, Aditya and Varshney, Daksh and Sharma, Rachita and Mendiratta, Sarthak},
  booktitle={2018 Eleventh international conference on contemporary computing (IC3)},
  pages={1--3},
  year={2018},
  organization={IEEE}
}
@article{xie2019improved,
  title={An improved algorithm for sentiment analysis based on maximum entropy},
  author={Xie, Xin and Ge, Songlin and Hu, Fengping and Xie, Mingye and Jiang, Nan},
  journal={Soft Computing},
  volume={23},
  pages={599--611},
  year={2019},
  publisher={Springer}
}
@article{zhang2018deep,
  title={Deep learning for sentiment analysis: A survey},
  author={Zhang, Lei and Wang, Shuai and Liu, Bing},
  journal={Wiley Interdisciplinary Reviews: Data Mining and Knowledge Discovery},
  volume={8},
  number={4},
  pages={e1253},
  year={2018},
  publisher={Wiley Online Library}
}
% BoW feed-forward
@article{moraes2013document,
  title={Document-level sentiment classification: An empirical comparison between SVM and ANN},
  author={Moraes, Rodrigo and Valiati, Jo{\~a}o Francisco and Neto, Wilson P Gavi{\~a}O},
  journal={Expert Systems with Applications},
  volume={40},
  number={2},
  pages={621--633},
  year={2013},
  publisher={Elsevier}
}
% BoW autoencoder
@inproceedings{zhai2016semisupervised,
  title={Semisupervised autoencoder for sentiment analysis},
  author={Zhai, Shuangfei and Zhang, Zhongfei},
  booktitle={Proceedings of the AAAI Conference on Artificial Intelligence},
  volume={30},
  number={1},
  year={2016}
}
% word embedding + autoencoder
@inproceedings{tang2015document,
  title={Document modeling with gated recurrent neural network for sentiment classification},
  author={Tang, Duyu and Qin, Bing and Liu, Ting},
  booktitle={Proceedings of the 2015 conference on empirical methods in natural language processing},
  pages={1422--1432},
  year={2015}
}
% word embedding + LSTM
@inproceedings{chen2016neural,
  title={Neural sentiment classification with user and product attention},
  author={Chen, Huimin and Sun, Maosong and Tu, Cunchao and Lin, Yankai and Liu, Zhiyuan},
  booktitle={Proceedings of the 2016 conference on empirical methods in natural language processing},
  pages={1650--1659},
  year={2016}
}
@inproceedings{le2014distributed,
  title={Distributed representations of sentences and documents},
  author={Le, Quoc and Mikolov, Tomas},
  booktitle={International conference on machine learning},
  pages={1188--1196},
  year={2014},
  organization={PMLR}
}
% feed-forward
@inproceedings{duncan2015neural,
  title={Neural networks for sentiment analysis on Twitter},
  author={Duncan, Brett and Zhang, Yanqing},
  booktitle={2015 IEEE 14th International Conference on Cognitive Informatics \& Cognitive Computing (ICCI* CC)},
  pages={275--278},
  year={2015},
  organization={IEEE}
}
% autoencoder
@article{wu2019semi,
  title={Semi-supervised dimensional sentiment analysis with variational autoencoder},
  author={Wu, Chuhan and Wu, Fangzhao and Wu, Sixing and Yuan, Zhigang and Liu, Junxin and Huang, Yongfeng},
  journal={Knowledge-Based Systems},
  volume={165},
  pages={30--39},
  year={2019},
  publisher={Elsevier}
}
% convolution
@article{jianqiang2018deep,
  title={Deep convolution neural networks for twitter sentiment analysis},
  author={Jianqiang, Zhao and Xiaolin, Gui and Xuejun, Zhang},
  journal={IEEE access},
  volume={6},
  pages={23253--23260},
  year={2018},
  publisher={IEEE}
}
@inproceedings{sun2019aspect,
  title={Aspect-level sentiment analysis via convolution over dependency tree},
  author={Sun, Kai and Zhang, Richong and Mensah, Samuel and Mao, Yongyi and Liu, Xudong},
  booktitle={Proceedings of the 2019 conference on empirical methods in natural language processing and the 9th international joint conference on natural language processing (EMNLP-IJCNLP)},
  pages={5679--5688},
  year={2019}
}
% recurrent
@inproceedings{chen2017recurrent,
  title={Recurrent attention network on memory for aspect sentiment analysis},
  author={Chen, Peng and Sun, Zhongqian and Bing, Lidong and Yang, Wei},
  booktitle={Proceedings of the 2017 conference on empirical methods in natural language processing},
  pages={452--461},
  year={2017}
}
@article{xu2016cached,
  title={Cached long short-term memory neural networks for document-level sentiment classification},
  author={Xu, Jiacheng and Chen, Danlu and Qiu, Xipeng and Huang, Xuangjing},
  journal={arXiv preprint arXiv:1610.04989},
  year={2016}
}
% recursive
@article{wang2016recursive,
  title={Recursive neural conditional random fields for aspect-based sentiment analysis},
  author={Wang, Wenya and Pan, Sinno Jialin and Dahlmeier, Daniel and Xiao, Xiaokui},
  journal={arXiv preprint arXiv:1603.06679},
  year={2016}
}
@inproceedings{nguyen2015phrasernn,
  title={Phrasernn: Phrase recursive neural network for aspect-based sentiment analysis},
  author={Nguyen, Thien Hai and Shirai, Kiyoaki},
  booktitle={Proceedings of the 2015 conference on empirical methods in natural language processing},
  pages={2509--2514},
  year={2015}
}
% memory
@inproceedings{li2017end,
  title={End-to-End Adversarial Memory Network for Cross-domain Sentiment Classification.},
  author={Li, Zheng and Zhang, Yun and Wei, Ying and Wu, Yuxiang and Yang, Qiang},
  booktitle={IJCAI},
  pages={2237--2243},
  year={2017}
}
@article{lv2021aspect,
  title={Aspect-level sentiment analysis using context and aspect memory network},
  author={Lv, Yanxia and Wei, Fangna and Cao, Lihong and Peng, Sancheng and Niu, Jianwei and Yu, Shui and Wang, Cuirong},
  journal={Neurocomputing},
  volume={428},
  pages={195--205},
  year={2021},
  publisher={Elsevier}
}
% hierarchical attention
@inproceedings{zhou2016attention,
  title={Attention-based LSTM network for cross-lingual sentiment classification},
  author={Zhou, Xinjie and Wan, Xiaojun and Xiao, Jianguo},
  booktitle={Proceedings of the 2016 conference on empirical methods in natural language processing},
  pages={247--256},
  year={2016}
}
% triplet loss
@inproceedings{schroff2015facenet,
  title={Facenet: A unified embedding for face recognition and clustering},
  author={Schroff, Florian and Kalenichenko, Dmitry and Philbin, James},
  booktitle={Proceedings of the IEEE conference on computer vision and pattern recognition},
  pages={815--823},
  year={2015}
}
% topic surveys
@article{vayansky2020review,
  title={A review of topic modeling methods},
  author={Vayansky, Ike and Kumar, Sathish AP},
  journal={Information Systems},
  volume={94},
  pages={101582},
  year={2020},
  publisher={Elsevier}
}
@inproceedings{ramage2009topic,
  title={Topic modeling for the social sciences},
  author={Ramage, Daniel and Rosen, Evan and Chuang, Jason and Manning, Christopher D and McFarland, Daniel A},
  booktitle={NIPS 2009 workshop on applications for topic models: text and beyond},
  volume={5},
  number={27},
  pages={1--4},
  year={2009}
}
@article{churchill2022evolution,
  title={The evolution of topic modeling},
  author={Churchill, Rob and Singh, Lisa},
  journal={ACM Computing Surveys},
  volume={54},
  number={10s},
  pages={1--35},
  year={2022},
  publisher={ACM New York, NY}
}
@article{kherwa2019topic,
  title={Topic modeling: a comprehensive review},
  author={Kherwa, Pooja and Bansal, Poonam},
  journal={EAI Endorsed transactions on scalable information systems},
  volume={7},
  number={24},
  year={2019}
}
% topic for fine-grained opinion analysis
@inproceedings{stoyanov2008topic,
  title={Topic identification for fine-grained opinion analysis},
  author={Stoyanov, Veselin and Cardie, Claire},
  booktitle={Proceedings of the 22nd International Conference on Computational Linguistics (Coling 2008)},
  pages={817--824},
  year={2008}
}
% topic definitions
@inproceedings{jo2007detecting,
  title={Detecting research topics via the correlation between graphs and texts},
  author={Jo, Yookyung and Lagoze, Carl and Giles, C Lee},
  booktitle={Proceedings of the 13th ACM SIGKDD international conference on Knowledge discovery and data mining},
  pages={370--379},
  year={2007}
}
@article{ding2011community,
  title={Community detection: Topological vs. topical},
  author={Ding, Ying},
  journal={Journal of Informetrics},
  volume={5},
  number={4},
  pages={498--514},
  year={2011},
  publisher={Elsevier}
}
@article{blei2006correlated,
  title={Correlated topic models},
  author={Blei, David and Lafferty, John},
  journal={Advances in neural information processing systems},
  volume={18},
  pages={147},
  year={2006},
  publisher={MIT; 1998}
}
@article{blei2012probabilistic,
  title={Probabilistic topic models},
  author={Blei, David M},
  journal={Communications of the ACM},
  volume={55},
  number={4},
  pages={77--84},
  year={2012},
  publisher={ACM New York, NY, USA}
}
@inproceedings{erten2004exploring,
  title={Exploring the computing literature using temporal graph visualization},
  author={Erten, Cesim and Harding, Philip J and Kobourov, Stephen G and Wampler, Kevin and Yee, Gary},
  booktitle={Visualization and Data Analysis 2004},
  volume={5295},
  pages={45--56},
  year={2004},
  organization={SPIE}
}
@article{decker2007detection,
  title={Detection of bursty and emerging trends towards identification of researchers at the early stage of trends},
  author={Decker, Sheron Levar and Aleman-Meza, Boanerges and Cameron, Delroy and Arpinar, I Budak},
  year={2007},
  publisher={University of Georgia Athens}
}